@article{cube04,
 author = {Lau, Stephen},
 title = {The Spinning Cube of Potential Doom},
 journal = {Commun. ACM},
 issue_date = {June 2004},
 volume = {47},
 number = {6},
 month = jun,
 year = {2004},
 issn = {0001-0782},
 pages = {25--26},
 numpages = {2},
 url = {http://doi.acm.org/10.1145/990680.990699},
 doi = {10.1145/990680.990699},
 acmid = {990699},
 publisher = {ACM},
 address = {New York, NY, USA},
} 