@techreport{mackinlay1987automatic,
  title={Automatic design of graphical presentations},
  author={Mackinlay, Jock D},
  year={1987},
  institution={Stanford Univ., CA (USA)}
}
@book{ware2012information,
  title={Information visualization: perception for design},
  author={Ware, Colin},
  year={2012},
  publisher={Morgan Kaufmann Pub}
}
@article{inselberg1985plane,
  title={The plane with parallel coordinates},
  author={Inselberg, Alfred},
  journal={The Visual Computer},
  volume={1},
  number={2},
  pages={69--91},
  year={1985},
  publisher={Springer}
}
@book{shneiderman1998designing,
  title={Designing the user interface},
  author={Shneiderman, Ben},
  year={1998},
  publisher={Pearson Education India}
}
@misc{stevens1946theory,
  title={On the theory of scales of measurement},
  author={Stevens, Stanley Smith and others},
  year={1946},
  publisher={Bobbs-Merrill, College Division}
}
