@techreport{mackinlay1987automatic,
  title={Automatic design of graphical presentations},
  author={Mackinlay, Jock D},
  year={1987},
  institution={Stanford Univ., CA (USA)}
}

@article{zhang2012survey,
  title={A survey of security visualization for computer network logs},
  author={Zhang, Yanping and Xiao, Yang and Chen, Min and Zhang, Jingyuan and Deng, Hongmei},
  journal={Security and Communication Networks},
  volume={5},
  number={4},
  pages={404--421},
  year={2012},
  publisher={Wiley Online Library}
}

@inproceedings{picviz,
  title={Picviz: finding a needle in a haystack.},
  author={S. Tricaud},
  booktitle={UNIX Workshop on the Analysis of System Logs},
  year={2008}
}

@inproceedings{lee2005visual,
  title={Visual firewall: real-time network security monitor},
  author={Lee, Christopher P and Trost, Jason and Gibbs, Nicholas and Beyah, Raheem and Copeland, John A},
  booktitle={Visualization for Computer Security, 2005.(VizSEC 05). IEEE Workshop on},
  pages={129--136},
  year={2005},
  organization={IEEE}
}

@book{ware2012information,
  title={Information visualization: perception for design},
  author={Ware, Colin},
  year={2012},
  publisher={Morgan Kaufmann}
}
@article{inselberg1985plane,
  title={The plane with parallel coordinates},
  author={Inselberg, Alfred},
  journal={The Visual Computer},
  volume={1},
  number={2},
  pages={69--91},
  year={1985},
  publisher={Springer}
}

@inproceedings{shneiderman1996designing,
  title={The eyes have it: A task by data type taxonomy for information visualizations},
  author={Shneiderman, Ben},
  booktitle={Visual Languages, 1996. Proceedings., IEEE Symposium on},
  pages={336--343},
  year={1996},
  organization={IEEE}
}

@article{stevens1946theory,
  title={On the theory of scales of measurement},
  author={Stevens, Stanley Smith},
  journal={Science},
  volume={103},
  number={2684},
  pages={677--680},
  year={1946}
}

@misc{fliggnetwork,
  title={Network Security Visualization},
  author={Max, Genevieve and Fligg, Keith},
  year={2012}
}

@inproceedings{plonka2000flowscan,
  title={Flowscan: A network traffic flow reporting and visualization tool},
  author={Plonka, Dave},
  booktitle={USENIX LISA},
  pages={305--317},
  year={2000}
}

@article{lau2004spinning,
  title={The spinning cube of potential doom},
  author={Lau, Stephen},
  journal={Communications of the ACM},
  volume={47},
  number={6},
  pages={25--26},
  year={2004}
}

@book{marty2009applied,
  title={Applied security visualization},
  author={Marty, Raffael},
  year={2009},
  publisher={Addison-Wesley}
}



@book{shneiderman1998designing,
  title={Designing the user interface},
  author={Shneiderman, Ben},
  year={1998},
  publisher={Pearson Education India}
}

@misc{NAGIOS,
  author="{NAGIOS}",
  title = "{NAGIOS} Network Monitoring Software Application",
  note="http://www.nagios.org/"
}

@misc{ClamAV,
  author="ClamAV",
  title = "Clam Anti-Virus",
  note="http://www.clamav.net"
}

@misc{Tenable,
 author = "Tenable",
 title = "Tenable 3D Tool",
 note = "http://www.tenable.com"
}

@incollection{prole2008wireless,
  title={Wireless cyber assets discovery visualization},
  author={Prole, Kenneth and Goodall, John R and D’Amico, Anita D and Kopylec, Jason K},
  booktitle={Visualization for Computer Security},
  pages={136--143},
  year={2008},
  publisher={Springer}
}

@misc{SECVIZ,
  author="{Raffael Marty}",
  title = "SecVis.org online gallery",
  note="http://www.secviz.org/",
  year = "2008"
}

@misc{JOGL,
  author="{JogAmp Community}",
  title = "Java OpenGL (JOGL)",
  note="http://jogamp.org/",
  year ="2008"
}

@inproceedings{SNORT,
  title="Snort-lightweight intrusion detection for networks",
  author="Martin Roesch",
  booktitle="Proceedings of the 13th USENIX conference on System administration",
  pages="229--238",
  year="1999"
}

@inproceedings{johnson1991tree,
  title={Tree-maps: A space-filling approach to the visualization of hierarchical information structures},
  author={Johnson, Brian and Shneiderman, Ben},
  booktitle={Visualization, 1991. Visualization'91, Proceedings., IEEE Conference on},
  pages={284--291},
  year={1991},
  organization={IEEE}
}

@Article{RADAR,
  author =	"Hyogon Kim and Inhye Kang and Saewoong Bahk",
  title =	"Real-Time Visualizaton of Network Attacks on High-Speed Links",
  journal =	"IEEE Network",
  volume =	"18 Issue 5",
  pages =	"30-39",
  year = "2004"
}

@misc{Neilsen2005,
   author = "J. Neilsen",
   title = "Ten Usability Heuristics",
   note = "http://www.useit.com/papers/heuristic/heuristiclist.html"
}

@misc{fe3d,
   author = "Stou Sandalski",
   title = "fe3d",
   note = "http://projects.icapsid.net/fe3d/"
}

@misc{rumint,
   author = "Greg Conti",
   title = "Rumint",
   note = "http://www.rumint.org",
	year = "2005"
}

@misc{wireshark,
   author = "{Gerald Combs}",
   title = "Wireshark",
   note = "http://www.wireshark.org"
	year = "2006"
}

@misc{securescope,
   author = "SecureDecisions",
   title = "SecureScope",
   note = "http://www.securescope.com"
}

@misc{arcsight,
   author = "Arcsight",
   title = "Arcsight Enterprise Security Manager",
   note = "http://www.arcsight.com"
}

@InProceedings{yu2010,
  title =	"EMBER: A Global Perspective on Extreme Malicious Behaviour",
  author =	"Tamara Yu and Richard Lippmann and James Riordan and Stephen Boyer",
  bibdate =	"2010",
  booktitle = "Proceedings of VIZSEC 2010",
  publisher =	"ACM",
  year = 	"2010"
}

@InProceedings{yelizarov2009,
  title =	"Visualization of Complex Attacks and State of Attacked Network",
  author =	"Anatoly Yelizarov and Dennis Gamayunov",
  bibdate =	"2009",
  booktitle = "Proceedings of VIZSEC 2009",
  publisher =	"ACM",
  year = 	"2009"
}

@InProceedings{chu2010,
  title =	"Visualizing Attack Graphs, Reachability, and Trust Relationships with NAVIGATOR",
  author =	"Matthew Chu and Kyle Ingols and Richard Lippmann and Seth Webster and Stephen Boyer",
  bibdate =	"2010",
  booktitle = "Proceedings of VIZSEC 2010",
  publisher =	"ACM",
  year = 	"2010"
}

@InProceedings{liao2010,
  title =	"Visualizing Graph Dynamics and Similarity for Enterprise Network Security and Management",
  author =	"Qi Liao and Aaron Striegel and Nitesh Chawla",
  bibdate =	"2010",
  booktitle = "Proceedings of VIZSEC 2010",
  publisher =	"ACM",
  year = 	"2010"
}

@InProceedings{best2010,
  title =	"Real-Time Visualization of Network Behaviors for Situational Awareness",
  author =	"Daniel Best and Shawn Bohn and Douglas Love and Adam Wynne and William Pike",
  bibdate =	"2010",
  booktitle = "Proceedings of VIZSEC 2010",
  publisher =	"ACM",
  year = 	"2010"
}

@InProceedings{rasmussen2010,
  title =	"Nimble Cybersecurity Incident Management through Visualization and Defensible Recommendations",
  author =	"Jamie Rasmussen and Kate Ehrlich and Steven Ross and Susanna Kirk and Daniel Gruen and John Patterson",
  bibdate =	"2010",
  booktitle = "Proceedings of VIZSEC 2010",
  publisher =	"ACM",
  year = 	"2010"
}

@InProceedings{Neilsen1994,
  title =	"Enhancing the explanatory power of usability heuristics",
  author =	"J. Neilsen",
  bibdate =	"1994",
  booktitle = "SIGCHI Conference on Human Factors in Computing Systems:
                  Celebrating Interdependance",
  publisher =	"ACM",
  year = 	"1994",
  pages =	"152-158"
}

@Book{Conti,
  title =	"Security Data Visualization",
  author =	"Greg Conti",
  year = 	"2007",
  publisher =	"No Starch Press",
  address =	"San Francisco, CA"
}

@Book{ShneidermanPlaisant2004,
  title =	"Designing the User Interface: Strategies for
                  Effective Human-Computer Interaction",
  author =	"B. Shneiderman \& C. Plaisant",
  year = 	"2004 4th edition",
  publisher =	"Addison-Wesley",
  address =	"Boston, MA"
}

@Article{Shneiderman2004,
  author =	"B. Shneiderman",
  title =	"Designing for fun: how can we design user interfaces
                  to be more fun?",
  journal =	"Interactions",
  volume =	"11",
  pages =	"48-50",
  year = "2004"
}

@InProceedings{ibrahim2010,
  title =	"Assessing the Usability of End-User Security Software",
  author =	"Tarik Ibrahim and Steven M Furnell and Maria Papadaki and Nathan L. Clarke",
  bibdate =	"2010",
  booktitle = "Proceedings of TrustBus 2010",
  publisher =	"LNCS",
  year = 	"2010"
}

 @Article{itti1998model,
    title={A model of saliency-based visual attention for rapid scene analysis},
    author={Itti, L. and Koch, C. and Niebur, E.},
    journal={Pattern Analysis and Machine Intelligence, IEEE Transactions on},
    volume={20},
    number={11},
    pages={1254--1259},
    year={1998},
    publisher={IEEE}
  }


